@INPROCEEDINGS{Coughlan2006,
    author = {James M. Coughlan and Huiying Shen},
    title = {H.: A fast algorithm for finding crosswalks using figure-ground segmentation},
    booktitle = {In: Proc. 2nd Workshop on Applications of Computer Vision, in conjunction with ECCV},
    year = {2006},
    pages = {2},
    url = "http://legacy.ski.org/Rehab/Coughlan_lab/General/Publications.html"
}

@inproceedings{DualContouring,
 author = {Tao Ju and Frank Losasso and Scott Schaefer and Joe Warren},
 title = {Dual contouring of hermite data},
 booktitle = {SIGGRAPH '02: Proceedings of the 29th annual conference on Computer graphics and interactive techniques},
 year = {2002},
 isbn = {1-58113-521-1},
 pages = {339-346},
 location = {San Antonio, Texas},
 doi = {http://doi.acm.org/10.1145/566570.566586},
 publisher = {ACM Press},
 address = {New York, NY, USA},
 }
 
 
@inproceedings{QuadricErrorMetrics,
 author = {Michael Garland and Paul S. Heckbert},
 title = {Surface simplification using quadric error metrics},
 booktitle = {SIGGRAPH '97: Proceedings of the 24th annual conference on Computer graphics and interactive techniques},
 year = {1997},
 isbn = {0-89791-896-7},
 pages = {209-216},
 doi = {http://doi.acm.org/10.1145/258734.258849},
 publisher = {ACM Press/Addison-Wesley Publishing Co.},
 address = {New York, NY, USA},
 }

 
@misc{NormalMapper,
  key           = {ATI NormalMapper},
  title         = {{ATI} {N}ormal{M}apper},
  howpublished  = {http://ati.amd.com/developer/tools.html},
 }
 
 
@misc{nVidiaMelody,
  key           = {nVidia Melody},
  title         = {n{V}idia {M}elody},
  howpublished  = {http://developer.nvidia.com/object/melody\_home.html},
 }
  
@TECHREPORT {crosswalkTypeEvaluation,
    author = "Ann McGrane and Meghan Mitman",
    title  = "An Overview and Recommendations of High-Visibility Crosswalk Marking Styles",
    INSTITUTION =   {Federal Highway Administration},
    month  = "August",
    year   = "2013"
}
  
@ONLINE {christianszegedy2014,
    author = "Christian Szegedy",
    title  = "Building a deeper understanding of images",
    month  = "September",
    year   = "2014",
    url    = "http://googleresearch.blogspot.com/2014/09/building-deeper-understanding-of-images.html",
    howpublished = {\url{http://googleresearch.blogspot.com/2014/09/building-deeper-understanding-of-images.html}}
}

@INPROCEEDINGS{ratNeural, 
author={Capi, G. and Takahashi, T. and Urushiyama, K. and Kawahara, S.}, 
booktitle={Machine Learning for Signal Processing, 2009. MLSP 2009. IEEE International Workshop}, 
title={Robots controlled by neural networks trained based on brain signals}, 
year={2009}, 
pages={1-6}, 
keywords={brain-computer interfaces;medical robotics;motion control;neurocontrollers;prosthetics;artificial neural controller;artificial neural network control;biological robot;brain machine interface;brain signal;mechanical robot;multielectrode recording;prosthetic device;robot motion control;Artificial neural networks;Biological neural networks;Brain cells;Motion control;Neural prosthesis;Pressing;Rats;Robot control;Robot motion;Signal restoration}, 
doi={10.1109/MLSP.2009.5306264}, 
month={September},}


@INPROCEEDINGS{shadowRemoval,
	title = {Simple Shadow Removal},
	booktitle = {18th International Conference on Pattern Recognition},
	author = {Fredembach, C. and Finlayson, G.D.},
	year = {2006},
	pages = {832-835},
	url = "http://infoscience.epfl.ch/record/111781/files/piecewise_shadows.pdf"
}

@misc{projectTango,
author = {},
title = {Google's Project Tango},
howpublished = {\url{https://www.google.com/atap/project-tango/}},
month = {},
year = {},
note = {(Accessed on 02/08/2016)}
}

%Crosswatch for normal 2 lane crosswalks

%http://dl.acm.org/citation.cfm?id=1427016.1427201

@inproceedings{Crosswatch2Lane,
 author = {Ivanchenko, Volodymyr and Coughlan, James and Shen, Huiying},
 title = {Crosswatch: A Camera Phone System for Orienting Visually Impaired Pedestrians at Traffic Intersections},
 booktitle = {Proceedings of the 11th international conference on Computers Helping People with Special Needs},
 series = {ICCHP '08},
 year = {2008},
 isbn = {978-3-540-70539-0},
 location = {linz, Austria},
 pages = {1122-1128},
 numpages = {7},
 url = {http://dx.doi.org/10.1007/978-3-540-70540-6_168},
 doi = {http://dx.doi.org/10.1007/978-3-540-70540-6_168},
 acmid = {1427201},
 publisher = {Springer-Verlag},
 address = {Berlin, Heidelberg},
} 
 
%http://www.ncbi.nlm.nih.gov/pmc/articles/PMC2874980/

@INPROCEEDINGS{ZebraPhone, 
author={Ivanchenko, V. and Coughlan, J. and Huiying Shen}, 
booktitle={Computer Vision and Pattern Recognition Workshops, 2008. CVPRW '08. IEEE Computer Society Conference}, 
title={Detecting and locating crosswalks using a camera phone}, 
year={2008}, 
month={June}, 
volume={}, 
number={}, 
pages={1-8}, 
keywords={camera cell phone;computer vision;crosswalks detection;crosswatch system;visually impaired pedestrian;cellular radio;computer vision;handicapped aids;object detection;}, 
doi={10.1109/CVPRW.2008.4563143}, 
url = "http://www.ncbi.nlm.nih.gov/pmc/articles/PMC2874980/",
ISSN={},}


% Simple Lane Following

%http://www.marco83.com/work/84/84/

@MISC{SingleLane1,
author = {Conti, Marco},
title = {Vision System - Lane detection assignment},
month = {June},
year = {2009},
howpublished = {\url{http://www.marco83.com/work/84/84/}},
url = {http://www.marco83.com/work/84/84/}
}
%note = {unpublished}
%OpenCV platforms

@ONLINE{OpenCVPlatforms,
author = {},
title = {Opencv code {@ONLINE}},
howpublished = {\url{http://opencv.org/platforms.html}},
month = {},
year = {},
note = {(Accessed on 03/03/2016)}
}

%found here: http://stats.stackexchange.com/questions/181/how-to-choose-the-number-of-hidden-layers-and-nodes-in-a-feedforward-neural-netw

@book{Heaton:2008:INN:1502373,
 author = {Heaton, Jeff},
 title = {Introduction to Neural Networks for Java, 2nd Edition},
 year = {2008},
 isbn = {1604390085, 9781604390087},
 edition = {2nd},
 publisher = {Heaton Research, Inc.},
} 

@INPROCEEDINGS{relatedworkbipolarity, 
author={M. S. Uddin and T. Shioyama}, 
booktitle={2005 IEEE Computer Society Conference on Computer Vision and Pattern Recognition (CVPR'05) - Workshops}, 
title={Bipolarity and Projective Invariant-Based Zebra-Crossing Detection for the Visually Impaired}, 
year={2005}, 
pages={22-22}, 
keywords={Cameras;Feature extraction;Image segmentation;Layout;Multimedia computing;Portable computers;Roads;Statistics;Surface treatment;Systems engineering and theory}, 
doi={10.1109/CVPR.2005.423}, 
ISSN={2160-7508}, 
month={June},}

%backpropogation
%https://www.dropbox.com/s/yn6sjk9evy8fid3/backprop%20paper.pdf?dl=0
@INPROCEEDINGS{backpropositionPaper, 
author={R. Hecht-Nielsen}, 
booktitle={Neural Networks, 1989. IJCNN., International Joint Conference}, 
title={Theory of the backpropagation neural network}, 
year={1989}, 
pages={593-605 vol.1}, 
keywords={biocybernetics;neural nets;neurophysiology;parallel architectures;physiological models;architecture;backpropagation neural network;cerebral cortex;corticocortical learning;function approximation;mammalian brain;neurophysiological model;performance measurement;Biological system modeling;Cybernetics;Nervous system;Neural networks;Parallel architectures}, 
doi={10.1109/IJCNN.1989.118638}, 
month={},}

%portion cited is the sample pages here: http://www.springer.com/cda/content/document/cda_downloaddocument/9789401798150-c2.pdf?SGWID=0-0-45-1495021-p177264210
%http://www.springer.com/gp/book/9789401798150
@book{yadav_2015, place={Dordrecht}, title={An introduction to neural network methods for differential equations}, publisher={Springer}, author={Yadav, Neha}, year={2015}}

%http://ich.vscht.cz/~svozil/pubs/nn_intro.pdf
@misc{feedforwardsource, title={Introduction to multi-layer feed-forward neural networks}, url={http://ich.vscht.cz/~svozil/pubs/nn_intro.pdf}, author={Svozil, Daniel and Kvasnicka, Vladimir and Pospichal, Jiri}, year={1997}, month={June}}

%Historical backprop
@incollection{BackpropHist,
 author = {Rumelhart, D. E. and Hinton, G. E. and Williams, R. J.},
 chapter = {Learning Internal Representations by Error Propagation},
 title = {Parallel Distributed Processing: Explorations in the Microstructure of Cognition, Vol. 1},
 editor = {Rumelhart, David E. and McClelland, James L. and PDP Research Group, CORPORATE},
 year = {1986},
 isbn = {0-262-68053-X},
 pages = {318-362},
 numpages = {45},
 url = {http://dl.acm.org/citation.cfm?id=104279.104293},
 acmid = {104293},
 publisher = {MIT Press},
 address = {Cambridge, MA, USA},
} 

@incollection{SuperAndNotSuper,
    author = {R. Sathya},
    title = {Comparison of Supervised and Unsupervised Learning Algorithms for Pattern Classification},
    year={2013}, 
    pages={34-38 Vol. 2, No. 2}, 
    booktitle = {International Journal of Advanced Research in Artificial Intelligence},
    pages = {318-362}
}

@MISC{HoughTransform,
    author = {M. van Ginkel and C.L. Luengo Hendriks and L.J. van Vliet},
    title = {A short introduction to the Radon and Hough transforms and how they relate to each other},
    year = {2004}
}